
@article{winkenbach_technical_2021,
	title = {Technical {Proceedings} of the {Amazon} {Last} {Mile} {Routing} {Research} {Challenge}},
	url = {https://dspace.mit.edu/handle/1721.1/131235},
	language = {en\_US},
	urldate = {2022-08-25},
	author = {Winkenbach, Matthias and Parks, Steven and Noszek, Joseph},
	month = sep,
	year = {2021},
	note = {Accepted: 2021-09-02T21:49:19Z},
	keywords = {amazon dataset}
}


 @misc{amazon_dataset, 
 title={{2021 Amazon Last Mile Routing Research Challenge Dataset}}, url={https://registry.opendata.aws/amazon-last-mile-challenges}, 
 journal={{Amazon.com}}, 
 publisher={Seattle},
 author={{Merchan, Daniel and Pachon, Julian and Arora, Jatin and Konduri, Karthik and Winkenbach, Matthias and Parks, Steven and Noszek, Joseph}}, 
 year={2022}} 
 
 @article{london_ftc2050,
  title={Understanding the impact of e-commerce on last-mile light goods vehicle activity in urban areas: The case of London},
  author={Allen, Julian and Piecyk, Maja and Piotrowska, Marzena and McLeod, Fraser and Cherrett, Thomas and Ghali, Karen and Nguyen, Thuba and Bektas, Tolga and Bates, Oliver and Friday, Adrian and others},
  journal={Transportation Research Part D: Transport and Environment},
  volume={61},
  pages={325--338},
  year={2018},
  publisher={Elsevier}
}